<record xmlns="http://www.loc.gov/MARC21/slim" xmlns:xsi="http://www.w3.org/2001/XMLSchema-instance" xsi:schemaLocation="http://www.loc.gov/MARC21/slim http://www.loc.gov/standards/marcxml/schema/MARC21slim.xsd"><leader>02508nam a2200493   4500</leader><controlfield tag="001">001699460</controlfield><controlfield tag="003">NNU</controlfield><controlfield tag="006">m        d        </controlfield><controlfield tag="007">cr cn |||m|||a</controlfield><controlfield tag="008">150222s1958    ir      ob    001 0 arar</controlfield><datafield ind1=" " ind2=" " tag="040"><subfield code="a">NNU</subfield><subfield code="b">eng</subfield><subfield code="e">rda</subfield><subfield code="c">NNU</subfield></datafield><datafield ind1=" " ind2="4" tag="050"><subfield code="a">PJ7507</subfield><subfield code="b">.M36 1958</subfield></datafield><datafield ind1="1" ind2=" " tag="100"><subfield code="6">880-01</subfield><subfield code="a">Maqdis&#299;, An&#299;s</subfield></datafield><datafield ind1="1" ind2="0" tag="245"><subfield code="6">880-02</subfield><subfield code="a">Muqaddimah li-dira&#772;sat al-naqd fi&#772; al-adab al-&#699;Arabi&#772; :</subfield><subfield code="b">wa-hiya muh&#803;a&#772;d&#803;ara&#772;t alqa&#772;ha&#772; bi-da&#699;wah min Kulli&#772;yat al-Ma&#699;qu&#772;l wa-al-Manqu&#772;l fi&#772; Ja&#772;mi&#699;at T&#803;ihra&#772;n /</subfield><subfield code="c">Ani&#772;s al-Maqdisi&#772;.</subfield></datafield><datafield ind1=" " ind2=" " tag="250"><subfield code="6">880-03</subfield><subfield code="a">al-T&#803;ab&#699;ah 1.</subfield></datafield><datafield ind1=" " ind2=" " tag="260"><subfield code="6">880-04</subfield><subfield code="a">[Tehran] :</subfield><subfield code="b">Ja&#772;mi&#699;at T&#803;ihra&#772;n,</subfield><subfield code="c">1958.</subfield></datafield><datafield ind1=" " ind2=" " tag="300"><subfield code="a">online resource (130 pages)</subfield></datafield><datafield ind1=" " ind2=" " tag="336"><subfield code="a">text</subfield><subfield code="2">rdacontent</subfield></datafield><datafield ind1=" " ind2=" " tag="337"><subfield code="a">computer</subfield><subfield code="2">rdamedia</subfield></datafield><datafield ind1=" " ind2=" " tag="338"><subfield code="a">online resource</subfield><subfield code="2">rdacarrier</subfield></datafield><datafield ind1="1" ind2=" " tag="490"><subfield code="6">880-05</subfield><subfield code="a">Manshu&#772;ra&#772;t Ja&#772;mi&#699;at T&#803;ihra&#772;n ;</subfield><subfield code="v">raqm 440</subfield></datafield><datafield ind1=" " ind2=" " tag="500"><subfield code="a">In Arabic; romanized record.</subfield></datafield><datafield ind1=" " ind2=" " tag="500"><subfield code="a">Part of the Arabic Collections Online (ACO) project, contributed by New York Univeristy Libraries.</subfield></datafield><datafield ind1=" " ind2=" " tag="504"><subfield code="a">Includes bibliographical references (pages 127-128) and indexes.</subfield></datafield><datafield ind1=" " ind2=" " tag="533"><subfield code="a">Electronic reproduction.</subfield><subfield code="b">New York, N.Y. :</subfield><subfield code="c">New York University,</subfield><subfield code="d">2015.</subfield><subfield code="5">NNU</subfield></datafield><datafield ind1=" " ind2="0" tag="650"><subfield code="a">Arabic literature</subfield><subfield code="x">History and criticism.</subfield></datafield><datafield ind1=" " ind2="0" tag="650"><subfield code="a">Criticism</subfield><subfield code="x">History.</subfield></datafield><datafield ind1=" " ind2="7" tag="650"><subfield code="a">Arabic literature.</subfield><subfield code="2">fast</subfield><subfield code="0">(OCoLC)fst00812478</subfield></datafield><datafield ind1=" " ind2="7" tag="650"><subfield code="a">Criticism.</subfield><subfield code="2">fast</subfield><subfield code="0">(OCoLC)fst00883735</subfield></datafield><datafield ind1="0" ind2=" " tag="653"><subfield code="a">Arabic literature;</subfield><subfield code="a">criticism</subfield></datafield><datafield ind1=" " ind2="7" tag="655"><subfield code="a">Criticism, interpretation, etc.</subfield><subfield code="2">fast</subfield><subfield code="0">(OCoLC)fst01411635</subfield></datafield><datafield ind1=" " ind2="7" tag="655"><subfield code="a">History.</subfield><subfield code="2">fast</subfield><subfield code="0">(OCoLC)fst01411628</subfield></datafield><datafield ind1="2" ind2=" " tag="710"><subfield code="a">New York University.</subfield><subfield code="b">Libraries.</subfield></datafield><datafield ind1="0" ind2=" " tag="730"><subfield code="a">Arabic Collections Online.</subfield></datafield><datafield ind1="0" ind2="8" tag="776"><subfield code="i">Print version:</subfield><subfield code="a">Maqdis&#299;, An&#299;s 880-01</subfield><subfield code="t">Muqaddimah li-dira&#772;sat al-naqd fi&#772; al-adab al-&#699;Arabi&#772;</subfield><subfield code="w">(NNU)001699460</subfield><subfield code="w">(DLC)   92856163</subfield></datafield><datafield ind1="4" ind2="0" tag="856"><subfield code="u">http://hdl.handle.net/2333.1/m63xskz9</subfield></datafield><datafield ind1="1" ind2=" " tag="880"><subfield code="6">100-01/</subfield><subfield code="a">&#1605;&#1602;&#1583;&#1587;&#1610;&#1548; &#1575;&#1606;&#1610;&#1587;.</subfield></datafield><datafield ind1="1" ind2="0" tag="880"><subfield code="6">245-02/</subfield><subfield code="a">&#1605;&#1602;&#1583;&#1605;&#1577; &#1604;&#1583;&#1585;&#1575;&#1587;&#1577; &#1575;&#1604;&#1606;&#1602;&#1583; &#1601;&#1610; &#1575;&#1604;&#1575;&#1583;&#1576; &#1575;&#1604;&#1593;&#1585;&#1576;&#1610; :</subfield><subfield code="b">&#1608;&#1607;&#1610; &#1605;&#1581;&#1575;&#1590;&#1585;&#1575;&#1578; &#1575;&#1604;&#1602;&#1575;&#1607;&#1575; &#1576;&#1583;&#1593;&#1608;&#1577; &#1605;&#1606; &#1603;&#1604;&#1610;&#1577; &#1575;&#1604;&#1605;&#1593;&#1602;&#1608;&#1604; &#1608;&#1575;&#1604;&#1605;&#1606;&#1602;&#1608;&#1604; &#1601;&#1610; &#1580;&#1575;&#1605;&#1593;&#1577; &#1591;&#1607;&#1585;&#1575;&#1606; /</subfield><subfield code="c">&#1575;&#1606;&#1610;&#1587; &#1575;&#1604;&#1605;&#1602;&#1583;&#1587;&#1610;.</subfield></datafield><datafield ind1=" " ind2=" " tag="880"><subfield code="6">250-03/</subfield><subfield code="a">&#1575;&#1604;&#1591;&#1576;&#1593;&#1577; 1.</subfield></datafield><datafield ind1=" " ind2=" " tag="880"><subfield code="6">260-04/</subfield><subfield code="a">[&#1591;&#1607;&#1585;&#1575;&#1606;] :</subfield><subfield code="b">&#1580;&#1575;&#1605;&#1593;&#1577; &#1591;&#1607;&#1585;&#1575;&#1606;&#1548;</subfield><subfield code="c">1958.</subfield></datafield><datafield ind1="1" ind2=" " tag="880"><subfield code="6">490-05/</subfield><subfield code="a">&#1605;&#1606;&#1588;&#1608;&#1585;&#1575;&#1578; &#1580;&#1575;&#1605;&#1593;&#1577; &#1591;&#1607;&#1585;&#1575;&#1606; &#1563;</subfield><subfield code="v">&#1585;&#1602;&#1605; 440</subfield></datafield><datafield ind1=" " ind2="0" tag="830"><subfield code="a">Publications de l'Universit&#233; de Tehran ;</subfield><subfield code="v">440.</subfield></datafield><datafield ind1=" " ind2=" " tag="959"><subfield code="a">NNU</subfield><subfield code="b">WEB</subfield><subfield code="c">GENI</subfield><subfield code="t">0</subfield><subfield code="m">Electronic access</subfield><subfield code="s">01</subfield></datafield><datafield ind1=" " ind2=" " tag="999"><subfield code="i">NNU_001699460</subfield><subfield code="s">nyu_aco000295</subfield><subfield code="e">(ERROR-880)</subfield></datafield></record>